@incollection{chen2009terramax,
  title={TerraMax: Team oshkosh urban robot},
  author={Chen, Yi-Liang and Sundareswaran, Venkataraman and Anderson, Craig and Broggi, Alberto and Grisleri, Paolo and Porta, Pier Paolo and Zani, Paolo and Beck, John},
  booktitle={The DARPA Urban Challenge},
  pages={595--622},
  year={2009},
  publisher={Springer}
}

@article{gat1991reliable,
  title={Reliable goal-directed reactive control of autonomous mobile robots},
  author={Gat, Erann},
  year={1991},
  publisher={Virginia Tech}
}

@inproceedings{montemerlo2006winning,
  title={Winning the DARPA Grand Challenge with an AI robot},
  author={Montemerlo, Michael and Thrun, Sebastian and Dahlkamp, Hendrik and Stavens, David and Strohband, Sven},
  booktitle={Proceedings of the national conference on artificial intelligence},
  volume={21},
  number={1},
  pages={982},
  year={2006},
  organization={Menlo Park, CA; Cambridge, MA; London; AAAI Press; MIT Press; 1999}
}

@article{fryxell1996navigation,
  title={Navigation, guidance and control of AUVs: an application to the MARIUS vehicle},
  author={Fryxell, D and Oliveira, P and Pascoal, A and Silvestre, C and Kaminer, I},
  journal={Control Engineering Practice},
  volume={4},
  number={3},
  pages={401--409},
  year={1996},
  publisher={Elsevier}
}